@ARTICLE{fixedlength2021engelsma,
  author={Engelsma, Joshua J. and Cao, Kai and Jain, Anil K.},
  journal={IEEE Transactions on Pattern Analysis and Machine Intelligence}, 
  title={Learning a Fixed-Length Fingerprint Representation}, 
  year={2021},
  volume={43},
  number={6},
  pages={1981-1997},
  doi={10.1109/TPAMI.2019.2961349}}

@book{maltoni2009handbook,
  title={Handbook of fingerprint recognition},
  author={Maltoni, Davide and Maio, Dario and Jain, Anil K and Prabhakar, Salil and others},
  volume={2},
  year={2009},
  publisher={Springer}
}